<record><leader>00000cas a22000007a 4500</leader><controlfield tag="001">11753170</controlfield><controlfield tag="008">850301d18521853dcuwr ne      0    0eng d</controlfield><datafield ind1=" " ind2=" " tag="010"><subfield code="a">sn 85054238 </subfield></datafield><datafield ind1=" " ind2=" " tag="040"><subfield code="a">NYG</subfield><subfield code="b">eng</subfield><subfield code="c">NYG</subfield><subfield code="d">NPX</subfield><subfield code="d">DLC</subfield><subfield code="d">OCL</subfield><subfield code="d">OCLCG</subfield><subfield code="d">OCLCF</subfield><subfield code="d">OCLCO</subfield><subfield code="d">DLC</subfield></datafield><datafield ind1=" " ind2=" " tag="042"><subfield code="a">msc</subfield></datafield><datafield ind1=" " ind2="4" tag="050"><subfield code="a">E430</subfield><subfield code="b">.C18</subfield></datafield><datafield ind1="0" ind2=" " tag="130"><subfield code="a">Campaign (Washington, D.C. : 1852)</subfield></datafield><datafield ind1="0" ind2="4" tag="245"><subfield code="a">The campaign.</subfield></datafield><datafield ind1=" " ind2=" " tag="260"><subfield code="a">Washington [D.C.] :</subfield><subfield code="b">Robert Armstrong,</subfield><subfield code="c">1852-1853.</subfield></datafield><datafield ind1=" " ind2=" " tag="300"><subfield code="a">1 v. ;</subfield><subfield code="c">37 cm.</subfield></datafield><datafield ind1=" " ind2=" " tag="310"><subfield code="a">Weekly</subfield></datafield><datafield ind1="0" ind2=" " tag="362"><subfield code="a">No. 1 (June 12, 1852)-no. 22 (Apr. 9, 1853).</subfield></datafield><datafield ind1=" " ind2=" " tag="500"><subfield code="a">Campaign paper of the Democratic Party.</subfield></datafield><datafield ind1=" " ind2=" " tag="515"><subfield code="a">Suspended from Nov. 6, 1852 to Apr. 2, 1853.</subfield></datafield><datafield ind1=" " ind2=" " tag="580"><subfield code="a">Campaign ed. of: Daily union (Washington, D.C.).</subfield></datafield><datafield ind1="1" ind2="0" tag="600"><subfield code="a">Pierce, Franklin,</subfield><subfield code="d">1804-1869.</subfield></datafield><datafield ind1="1" ind2="0" tag="600"><subfield code="a">King, William R.</subfield><subfield code="q">(William Rufus),</subfield><subfield code="d">1786-1853.</subfield></datafield><datafield ind1="1" ind2="7" tag="600"><subfield code="a">King, William R.</subfield><subfield code="q">(William Rufus),</subfield><subfield code="d">1786-1853.</subfield><subfield code="2">fast</subfield><subfield code="0">(OCoLC)fst00308656</subfield></datafield><datafield ind1="1" ind2="7" tag="600"><subfield code="a">Pierce, Franklin,</subfield><subfield code="d">1804-1869.</subfield><subfield code="2">fast</subfield><subfield code="0">(OCoLC)fst00005966</subfield></datafield><datafield ind1="2" ind2=" " tag="710"><subfield code="a">Democratic Party (D.C.)</subfield></datafield><datafield ind1=" " ind2=" " tag="752"><subfield code="a">United States</subfield><subfield code="b">District of Columbia</subfield><subfield code="d">Washington.</subfield></datafield><datafield ind1="1" ind2=" " tag="775"><subfield code="t">Daily union (Washington, D.C.)</subfield><subfield code="x">2381-0378</subfield><subfield code="w">(DLC)sn 82003410</subfield><subfield code="w">(OCoLC)8770145</subfield></datafield></record>